@phdthesis{gessey-jones_2024, title={Probing the First Stars with the 21-cm Signal: Theory, Methods, and Forecasts}, url={https://www.repository.cam.ac.uk/handle/1810/371844}, DOI={10.17863/CAM.110892}, school={Apollo - University of Cambridge Repository}, author={Gessey-Jones, Thomas}, year={2024}, keywords={21-cm Cosmology, Bayesian Analysis, Cosmology, Machine Learning, Stars} }

@mastersthesis{dhandha_2022,
  author  = {Jiten Dhandha},
  title   = {21-cm cosmology and its complementarity with JWST observations},
  type     = {{First} {Year} {PhD} {Report}},
  school  = {University of Cambridge},
  year    = {2022}
}

@article{Pritchard_2012,
   title={21 cm cosmology in the 21st century},
   volume={75},
   ISSN={1361-6633},
   url={http://dx.doi.org/10.1088/0034-4885/75/8/086901},
   DOI={10.1088/0034-4885/75/8/086901},
   number={8},
   journal={Reports on Progress in Physics},
   publisher={IOP Publishing},
   author={Pritchard, Jonathan R and Loeb, Abraham},
   year={2012},
   month=jul, pages={086901} }


@article{Fialkov_2014,
   title={The observable signature of late heating of the Universe during cosmic reionization},
   volume={506},
   ISSN={1476-4687},
   url={http://dx.doi.org/10.1038/nature12999},
   DOI={10.1038/nature12999},
   number={7487},
   journal={Nature},
   publisher={Springer Science and Business Media LLC},
   author={Fialkov, Anastasia and Barkana, Rennan and Visbal, Eli},
   year={2014},
   month=feb, pages={197–199} }


@article{Planck_2016,
       author = {{Planck Collaboration} and {Ade}, P.~A.~R. and {Aghanim}, N. and {Arnaud}, M. and {Ashdown}, M. and {Aumont}, J. and {Baccigalupi}, C. and {Banday}, A.~J. and {Barreiro}, R.~B. and {Bartlett}, J.~G. and et al.},
        title = "{Planck 2015 results. XIII. Cosmological parameters}",
      journal = {\aap},
     keywords = {cosmology: observations, cosmology: theory, cosmic background radiation, cosmological parameters, Astrophysics - Cosmology and Nongalactic Astrophysics},
         year = 2016,
        month = sep,
       volume = {594},
          eid = {A13},
        pages = {A13},
          doi = {10.1051/0004-6361/201525830},
archivePrefix = {arXiv},
       eprint = {1502.01589},
 primaryClass = {astro-ph.CO},
}

@article{Fialkov_2012,
   title={Impact of the relative motion between the dark matter and baryons on the first stars: semi-analytical modelling: Impact of relative motion on the first stars},
   volume={424},
   ISSN={0035-8711},
   url={http://dx.doi.org/10.1111/j.1365-2966.2012.21318.x},
   DOI={10.1111/j.1365-2966.2012.21318.x},
   number={2},
   journal={Monthly Notices of the Royal Astronomical Society},
   publisher={Oxford University Press (OUP)},
   author={Fialkov, Anastasia and Barkana, Rennan and Tseliakhovich, Dmitriy and Hirata, Christopher M.},
   year={2012},
   month=jun, pages={1335–1345} }

@ARTICLE{Visbal_2012,
       author = {{Visbal}, Eli and {Barkana}, Rennan and {Fialkov}, Anastasia and {Tseliakhovich}, Dmitriy and {Hirata}, Christopher M.},
        title = "{The signature of the first stars in atomic hydrogen at redshift 20}",
      journal = {\nat},
     keywords = {Astrophysics - Cosmology and Nongalactic Astrophysics},
         year = 2012,
        month = jul,
       volume = {487},
       number = {7405},
        pages = {70-73},
          doi = {10.1038/nature11177},
archivePrefix = {arXiv},
       eprint = {1201.1005},
 primaryClass = {astro-ph.CO},
       adsurl = {https://ui.adsabs.harvard.edu/abs/2012Natur.487...70V},
      adsnote = {Provided by the SAO/NASA Astrophysics Data System}
}

@article{Planck2013results,
   title={Planck2013 results. XVI. Cosmological parameters},
   volume={571},
   ISSN={1432-0746},
   url={http://dx.doi.org/10.1051/0004-6361/201321591},
   DOI={10.1051/0004-6361/201321591},
   journal={Astronomy &amp; Astrophysics},
   publisher={EDP Sciences},
   author={Ade, P. A. R. and Aghanim, N. and Armitage-Caplan, C. and Arnaud, M. and Ashdown, M. and Atrio-Barandela, F. and Aumont, J. and Baccigalupi, C. and Banday, A. J. and Barreiro, R. B. and Bartlett, J. G. and Battaner, E. and Benabed, K. and Benoît, A. and Benoit-Lévy, A. and Bernard, J.-P. and Bersanelli, M. and Bielewicz, P. and Bobin, J. and Bock, J. J. and Bonaldi, A. and Bond, J. R. and Borrill, J. and Bouchet, F. R. and Bridges, M. and Bucher, M. and Burigana, C. and Butler, R. C. and Calabrese, E. and Cappellini, B. and Cardoso, J.-F. and Catalano, A. and Challinor, A. and Chamballu, A. and Chary, R.-R. and Chen, X. and Chiang, H. C. and Chiang, L.-Y and Christensen, P. R. and Church, S. and Clements, D. L. and Colombi, S. and Colombo, L. P. L. and Couchot, F. and Coulais, A. and Crill, B. P. and Curto, A. and Cuttaia, F. and Danese, L. and Davies, R. D. and Davis, R. J. and de Bernardis, P. and de Rosa, A. and de Zotti, G. and Delabrouille, J. and Delouis, J.-M. and Désert, F.-X. and Dickinson, C. and Diego, J. M. and Dolag, K. and Dole, H. and Donzelli, S. and Doré, O. and Douspis, M. and Dunkley, J. and Dupac, X. and Efstathiou, G. and Elsner, F. and Enßlin, T. A. and Eriksen, H. K. and Finelli, F. and Forni, O. and Frailis, M. and Fraisse, A. A. and Franceschi, E. and Gaier, T. C. and Galeotta, S. and Galli, S. and Ganga, K. and Giard, M. and Giardino, G. and Giraud-Héraud, Y. and Gjerløw, E. and González-Nuevo, J. and Górski, K. M. and Gratton, S. and Gregorio, A. and Gruppuso, A. and Gudmundsson, J. E. and Haissinski, J. and Hamann, J. and Hansen, F. K. and Hanson, D. and Harrison, D. and Henrot-Versillé, S. and Hernández-Monteagudo, C. and Herranz, D. and Hildebrandt, S. R. and Hivon, E. and Hobson, M. and Holmes, W. A. and Hornstrup, A. and Hou, Z. and Hovest, W. and Huffenberger, K. M. and Jaffe, A. H. and Jaffe, T. R. and Jewell, J. and Jones, W. C. and Juvela, M. and Keihänen, E. and Keskitalo, R. and Kisner, T. S. and Kneissl, R. and Knoche, J. and Knox, L. and Kunz, M. and Kurki-Suonio, H. and Lagache, G. and Lähteenmäki, A. and Lamarre, J.-M. and Lasenby, A. and Lattanzi, M. and Laureijs, R. J. and Lawrence, C. R. and Leach, S. and Leahy, J. P. and Leonardi, R. and León-Tavares, J. and Lesgourgues, J. and Lewis, A. and Liguori, M. and Lilje, P. B. and Linden-Vørnle, M. and López-Caniego, M. and Lubin, P. M. and Macías-Pérez, J. F. and Maffei, B. and Maino, D. and Mandolesi, N. and Maris, M. and Marshall, D. J. and Martin, P. G. and Martínez-González, E. and Masi, S. and Massardi, M. and Matarrese, S. and Matthai, F. and Mazzotta, P. and Meinhold, P. R. and Melchiorri, A. and Melin, J.-B. and Mendes, L. and Menegoni, E. and Mennella, A. and Migliaccio, M. and Millea, M. and Mitra, S. and Miville-Deschênes, M.-A. and Moneti, A. and Montier, L. and Morgante, G. and Mortlock, D. and Moss, A. and Munshi, D. and Murphy, J. A. and Naselsky, P. and Nati, F. and Natoli, P. and Netterfield, C. B. and Nørgaard-Nielsen, H. U. and Noviello, F. and Novikov, D. and Novikov, I. and O’Dwyer, I. J. and Osborne, S. and Oxborrow, C. A. and Paci, F. and Pagano, L. and Pajot, F. and Paladini, R. and Paoletti, D. and Partridge, B. and Pasian, F. and Patanchon, G. and Pearson, D. and Pearson, T. J. and Peiris, H. V. and Perdereau, O. and Perotto, L. and Perrotta, F. and Pettorino, V. and Piacentini, F. and Piat, M. and Pierpaoli, E. and Pietrobon, D. and Plaszczynski, S. and Platania, P. and Pointecouteau, E. and Polenta, G. and Ponthieu, N. and Popa, L. and Poutanen, T. and Pratt, G. W. and Prézeau, G. and Prunet, S. and Puget, J.-L. and Rachen, J. P. and Reach, W. T. and Rebolo, R. and Reinecke, M. and Remazeilles, M. and Renault, C. and Ricciardi, S. and Riller, T. and Ristorcelli, I. and Rocha, G. and Rosset, C. and Roudier, G. and Rowan-Robinson, M. and Rubiño-Martín, J. A. and Rusholme, B. and Sandri, M. and Santos, D. and Savelainen, M. and Savini, G. and Scott, D. and Seiffert, M. D. and Shellard, E. P. S. and Spencer, L. D. and Starck, J.-L. and Stolyarov, V. and Stompor, R. and Sudiwala, R. and Sunyaev, R. and Sureau, F. and Sutton, D. and Suur-Uski, A.-S. and Sygnet, J.-F. and Tauber, J. A. and Tavagnacco, D. and Terenzi, L. and Toffolatti, L. and Tomasi, M. and Tristram, M. and Tucci, M. and Tuovinen, J. and Türler, M. and Umana, G. and Valenziano, L. and Valiviita, J. and Van Tent, B. and Vielva, P. and Villa, F. and Vittorio, N. and Wade, L. A. and Wandelt, B. D. and Wehus, I. K. and White, M. and White, S. D. M. and Wilkinson, A. and Yvon, D. and Zacchei, A. and Zonca, A.},
   year={2014},
   month=oct, pages={A16} }

@misc{coles2001largescalestructuretheorystatistics,
      title={Large-Scale Structure, Theory and Statistics}, 
      author={Peter Coles},
      year={2001},
      eprint={astro-ph/0103017},
      archivePrefix={arXiv},
      primaryClass={astro-ph},
      url={https://arxiv.org/abs/astro-ph/0103017}, 
}

@article{Liu_Shaw_2020,
   title={Data Analysis for Precision 21 cm Cosmology},
   volume={132},
   ISSN={1538-3873},
   url={http://dx.doi.org/10.1088/1538-3873/ab5bfd},
   DOI={10.1088/1538-3873/ab5bfd},
   number={1012},
   journal={Publications of the Astronomical Society of the Pacific},
   publisher={IOP Publishing},
   author={Liu, Adrian and Shaw, J. Richard},
   year={2020},
   month=apr, pages={062001} }

@article{Dunkley_2009,
   title={FIVE-YEARWILKINSON MICROWAVE ANISOTROPY PROBEOBSERVATIONS: LIKELIHOODS AND PARAMETERS FROM THEWMAPDATA},
   volume={180},
   ISSN={1538-4365},
   url={http://dx.doi.org/10.1088/0067-0049/180/2/306},
   DOI={10.1088/0067-0049/180/2/306},
   number={2},
   journal={The Astrophysical Journal Supplement Series},
   publisher={American Astronomical Society},
   author={Dunkley, J. and Komatsu, E. and Nolta, M. R. and Spergel, D. N. and Larson, D. and Hinshaw, G. and Page, L. and Bennett, C. L. and Gold, B. and Jarosik, N. and Weiland, J. L. and Halpern, M. and Hill, R. S. and Kogut, A. and Limon, M. and Meyer, S. S. and Tucker, G. S. and Wollack, E. and Wright, E. L.},
   year={2009},
   month=feb, pages={306–329} }


@article{Harrison_1970,
  title = {Fluctuations at the Threshold of Classical Cosmology},
  author = {Harrison, E. R.},
  journal = {Phys. Rev. D},
  volume = {1},
  issue = {10},
  pages = {2726--2730},
  numpages = {0},
  year = {1970},
  month = {May},
  publisher = {American Physical Society},
  doi = {10.1103/PhysRevD.1.2726},
  url = {https://link.aps.org/doi/10.1103/PhysRevD.1.2726}
}

@ARTICLE{Zeldovich_1972,
       author = {{Zeldovich}, Yaa B.},
        title = "{A hypothesis, unifying the structure and the entropy of the Universe}",
      journal = {\mnras},
         year = 1972,
        month = jan,
       volume = {160},
        pages = {1P},
          doi = {10.1093/mnras/160.1.1P},
       adsurl = {https://ui.adsabs.harvard.edu/abs/1972MNRAS.160P...1Z},
      adsnote = {Provided by the SAO/NASA Astrophysics Data System}
}

